<?xml version="1.0" encoding="UTF-8"?>
<collection xmlns:xsi="http://www.w3.org/2001/XMLSchema-instance" xsi:schemaLocation="http://www.loc.gov/MARC21/slim http://www.loc.gov/standards/marcxml/schema/MARC21slim.xsd" xmlns="http://www.loc.gov/MARC21/slim">
<record>
  <leader>00930cam a22002171  4500</leader>
  <controlfield tag="001">3063222</controlfield>
  <controlfield tag="003">NNC</controlfield>
  <controlfield tag="005">20130520200819.0</controlfield>
  <controlfield tag="008">010810m19051906ua            000 0 ara d</controlfield>
  <datafield tag="035" ind1=" " ind2=" ">
    <subfield code="a">(OCoLC)ocm47755320</subfield>
  </datafield>
  <datafield tag="035" ind1=" " ind2=" ">
    <subfield code="9">ATN5017CU</subfield>
  </datafield>
  <datafield tag="035" ind1=" " ind2=" ">
    <subfield code="a">(NNC)3063222</subfield>
  </datafield>
  <datafield tag="035" ind1=" " ind2=" ">
    <subfield code="a">3063222</subfield>
  </datafield>
  <datafield tag="040" ind1=" " ind2=" ">
    <subfield code="a">ZCU</subfield>
    <subfield code="c">ZCU</subfield>
  </datafield>
  <datafield tag="099" ind1=" " ind2=" ">
    <subfield code="a">893.799</subfield>
    <subfield code="a">Sa17</subfield>
  </datafield>
  <datafield tag="100" ind1="1" ind2=" ">
    <subfield code="a">Saffārīnī, Muḥammad ibn Aḥmad,</subfield>
    <subfield code="d">1702 or 1703-1774.</subfield>
  </datafield>
  <datafield tag="240" ind1="1" ind2="0">
    <subfield code="a">Lawāʼiḥ al-anwār al-bahīyah wa-sawāṭiʻ al-asrār al-atharīyah</subfield>
  </datafield>
  <datafield tag="245" ind1="1" ind2="0">
    <subfield code="a">Kitāb Lawāʾiḥ al-anwār al-bahīyah wa-sawāṭiʻ al-asrār al-atharīyah</subfield>
    <subfield code="b">[li-Masʻūd ibn ʻAlī Riḍā] li-sharḥ al-Durrah al-muḍīʾah fī ʻaqd al-firqah al-marḍīyah,</subfield>
    <subfield code="c">taʾlīf Muḥammad ibn Aḥmad al-Saffārīnī al-Atharī al-Ḥanbalī.</subfield>
  </datafield>
  <datafield tag="260" ind1=" " ind2=" ">
    <subfield code="a">Miṣr,</subfield>
    <subfield code="b">Maṭb. Majallat al-Manār al-Islāmīyah,</subfield>
    <subfield code="c">1323-24 h. [1905-06]</subfield>
  </datafield>
  <datafield tag="300" ind1=" " ind2=" ">
    <subfield code="a">2 v. in 1.</subfield>
  </datafield>
  <datafield tag="955" ind1=" " ind2=" ">
    <subfield code="b">CU58846263</subfield>
    <subfield code="d">off,glx</subfield>
    <subfield code="e">893.799 Sa17</subfield>
  </datafield>
</record>
</collection>